2404 3100
771 167 844 233 Q
996 169 1086 233 Q
1224 169 1309 234 Q
1646 175 1832 223 xxxin

242 292 372 337 runt
411 278 931 353 honoreQ‘ipsique
970 278 1412 355 elegantissimam
1455 279 1624 351 illam,
1677 262 1831 341 euius

240 368 349 424 iam
378 364 535 439 sup-ra
569 365 904 421 mentionem
937 362 1072 429 feci,
1110 365 1332 421 statuam
1363 366 1682 440 posuerunt,
1729 388 1837 427 me-

237 452 343 506 rito
372 450 607 507 litteratis
637 452 764 506 viris
796 451 1286 525 Hetjeulanenfibus
1318 453 1633 524 adnumero,
1657 453 1835 528 quum

235 535 280 596 is,
309 534 397 593 ille
417 535 769 606 effe'videtur,
791 540 887 610 qui
909 533 1050 593 anno
1081 537 1234 594 vrbis
1254 539 1482 594 conditae
1503 538 1836 615 DCCXXII.

235 619 496 680 Caesarem
526 624 713 680 contra
744 623 807 679 C.
842 624 1126 696 Sosfinm„
1154 644 1258 682 vna
1296 645 1427 683 cum
1467 630 1569 684 Cn.
1589 627 1835 685 Domitio

235 712 606 770 Ahenobarbo
639 733 703 770 eo
732 732 884 770 anno
905 707 1206 786 consulem,
1252 718 1480 791 eiusque
1511 718 1833 774 criminatio·

228 812 332 852 nes
362 796 605 874 defendit
625 805 723 878 g),
763 799 930 873 idque
962 819 1078 856 eam
1108 802 1441 874 potiffimum
1469 803 1541 882 qb
1574 802 1830 875 causiam,

234 883 388 957 quod
428 887 704 940 neminem
745 886 806 939 iis
851 876 1202 959 temporibus
1233 886 1335 942 sola
1371 887 1595 944 naturali
1636 889 1689 941 vi
1724 887 1758 942 Γ
1743 906 1830 943 ne

230 973 436 1028 rubore
468 991 545 1029 ae
561 971 773 1046 pudore
799 971 971 1029 verba
995 973 1213 1047 publice
1251 971 1600 1059 facete,1ibi
1632 971 1786 1030 sums
1789 974 1830 1033 s

231 1059 310 1134 se‚
347 1064 490 1118 certa
520 1060 792 1134 persuasus
822 1058 938 1118 sum
968 1058 1238 1119 sentenua.
1660 1075 1670 1084 ·

232 1242 234 1244 v
384 1184 476 1237 AD
500 1181 798 1263 praeclaros
830 1181 928 1238 hos
961 1185 1110 1239 viros
1142 1135 1392 1257 Appium
1422 1181 1707 1253 Pulcrum,
1726 1186 1828 1250 ·cui

227 1261 655 1328 Herculanenses
699 1266 908 1324 itidem·
920 1269 1177 1326 statuam·
1161 1312 1179 1344 ‚
1203 1288 1422 1350 Vsque
1439 1267 1619 1325 adhuc
1648 1285 1829 1326 tamen

1039 1359 1087 1418 E
1692 1378 1823 1416 non-

233 1480 387 1528 eadem
413 1477 519 1526 falsa
540 1475 735 1526 lecffione
758 1482 918 1529 innixi
936 1483 1003 1526 in-

232 1543 552 1611 terpretantuiz
569 1548 890 1593 Puteolanorum
906 1550 1005 1594 Rei-

224 1612 408 1693 publica.
420 1617 582 1667 Procm
583 1618 726 1660 acori·
707 1646 722 1669 ‚
748 1612 823 1660 seu
842 1617 1007 1679 Pompe-

233 1686 437 1733 ianorum
451 1679 719 1744 ,Κεζίριιῦἰίσιε
755 1682 1006 1733 Procurato-

234 1750 294 1807 ri,
319 1748 536 1823 itemque·
548 1747 692 1809 Populi
707 1749 890 1792 Romani
903 1749 1007 1792 Pro-

224 1816 454 1862 curatori„
511 1814 734 1857 Omnium
771 1814 1006 1858 maximam

233 1877 599 1944 probabilitatem
625 1877 757 1924 babet
783 1880 1004 1942 interpre-

239 1948 348 1992 tatio
384 1964 420 1990 M
432 1963 456 1991 A
469 1964 489 1990 F
503 1964 523 1990 ιτ
536 1965 559 1991 E
572 1964 589 1990 1
602 1964 620 1998 1
638 1982 650 2002 ,
677 1945 760 1990 loco
779 1950 926 2002 citato,
960 1962 1004 2008 p.

241 2026 316 2071 30.
338 2008 409 2074 sq.
449 2026 493 2057 et
522 2012 598 2057 cel.
630 2028 702 2058 10.
736 2029 882 2057 CASP.
918 2030 1005 2056 HA-

241 2094 271 2125 G
284 2097 306 2123 ε
319 2096 384 2136 Nu}
396 2094 423 2122 v
434 2095 461 2122 c
475 2095 502 2122 H
515 2096 533 2123 1
545 2097 591 2134 1,
621 2077 729 2142 epist.
755 2083 871 2142 ερίξι
872 2076 1004 2141 aphic.

235 2143 289 2190 de
335 2142 527 2208 diptycho
582 2147 796 2193 Brixiano
843 2143 1007 2189 Boethii

236 2207 425 2274 considis,
452 2227 495 2273 p
517 2213 782 2265 CLXan.
792 2214 1007 2273 Vterque

240 2277 368 2340 figlas
401 2280 448 2323 P.
473 2279 524 2323 R.
565 2278 800 2338 coniungit
837 2292 881 2323 et
895 2291 1009 2322 con-

237 2346 403 2401 trahit,
448 2357 766 2408 autumatque,
795 2345 1008 2396 Nonium
1054 2373 1056 2375 -

241 2411 428 2459 Balbum
464 2414 670 2476 praetoris
699 2426 889 2459 munere
921 2413 1008 2457 Ro·

1053 1497 1135 1526 mae
1151 1477 1462 1556 perfunstum,
1482 1478 1660 1543 postea''
1650 1496 1697 1524 in
1720 1496 1823 1542 pro

1054 1549 1249 1593 uinciam
1286 1547 1485 1609 aliquam
1525 1543 1713 1590 miffum
1742 1545 1824 1592 ibi-

1054 1630 1143 1676 que
1177 1611 1463 1677 proconsulis
1503 1610 1719 1671 dignitate
1754 1627 1826 1657 or-

1056 1693 1212 1726 natum
1242 1677 1386 1725 fuisse.
1408 1679 1698 1729 Prouinciam
1716 1677 1830 1723 hane

1055 1749 1236 1791 Cretim
1267 1761 1370 1790 cum
1400 1743 1544 1805 Lybia
1582 1744 1827 1804 Cyrenaica

1053 1807 1204 1868 fuisse,
1233 1809 1479 1874 suspicatur
1506 1806 1826 1854 1llustr1fl⁰mue

1054 1849 1280 1934 marel'iio,
1322 1877 1544 1938 hancque
1556 1875 1603 1918 in
1634 1891 1734 1920 rem
1770 1873 1823 1920 ad

1028 1944 1191 1989 alium
1224 1943 1502 1988 Herculanei
1532 1936 1728 1986 effosum
1765 1941 1822 1986 la-

1053 2010 1206 2072 pidem
1238 2014 1495 2076 prouocat,
1502 2008 1550 2051 in
1575 2023 1667 2069 quo
1691 2005 1827 2058 verba

1054 2077 1271 2140 legimus:
1307 2103 1324 2110 -
1572 2075 1822 2123 BALBO.

1053 2145 1186 2188 PRO.
1226 2145 1354 2188 COS
1439 2101 1824 2185 -CRETENSI-

1054 2211 1170 2255 Vis
1240 2168 1570 2255 PATRONO.

1121 2342 1178 2405 g)
1220 2337 1332 2388 vid.
1356 2355 1585 2396 mox-mu
1622 2334 1826 2398 Cassium,

1055 2405 1154 2459 libr.
1179 2411 1230 2455 L.
1249 2423 1306 2474 >p.
1331 2419 1454 2468 419.
1486 2431 1491 2434 ·
