2404 3100
796 199 869 266 aa
1261 200 1334 265 aa
1712 202 1863 248 xxm

264 325 439 368 teratae
475 314 701 369 ciuitatis
724 313 1073 368 monimenta.
1164 311 1313 367 Nolo
1342 322 1525 368 autem
1556 311 1611 385 in
1638 309 1866 384 praesens

256 395 375 454 fuse
402 402 456 454 in
491 397 856 473 quorumdam
890 400 1215 454 narrationes
1241 397 1308 453 de
1339 400 1563 454 inuento
1586 396 1863 471 gymnasio

260 487 649 553 Herculanensi
675 489 974 560 inquirere,
1003 478 1080 557 ae,
1108 503 1376 560 quantum
1398 488 1493 544 illis
1515 486 1646 542 fides
1667 485 1862 545 haben·

259 576 341 646 da,
373 591 712 651 quantumue
738 577 975 648 pretium
1011 575 1071 630 fit
1104 575 1460 646 statuendum,
1492 577 1592 630 rite
1615 572 1855 631 definire.

259 663 608 741 Qamquam
643 664 788 718 enim
829 679 973 719 certe
1001 663 1272 737 persuasus
1304 663 1449 735 sum,
1497 658 1858 719 firmiffimum

252 747 373 804 sane
417 750 471 804 id
513 746 632 805 fore
673 766 1087 825 argumentum,
1127 750 1278 824 quod
1312 768 1430 806 rem
1459 748 1528 806 de
1555 749 1855 805 litterarum

254 837 311 891 in
333 836 431 892 hac
458 836 592 893 vrbe
611 836 810 907 studiis,
844 856 873 891 a
901 837 1057 893 nobis
1081 837 1426 911 disputatam,
1461 852 1608 893 extra
1631 852 1855 892 omnem

251 923 650 980 *dubitationem
686 939 936 997 poneret:
987 943 1321 998 quamquam
1360 942 1526 998 porro
1559 924 1854 978 litteratum

255 1010 381 1084 esse,
425 1016 522 1088 qui
545 1015 786 1088 ignoret,
829 1012 1060 1068 arbitror
1082 1015 1385 1083 neminem,
1420 1011 1572 1087 quod
1595 1014 1651 1066 in
1679 1011 1851 1075 omni·

252 1098 355 1157 bus
388 1098 502 1157 fere
537 1100 759 1156 Graeciae
785 1101 1000 1174 oppidis
1032 1119 1094 1157 ae
1128 1101 1349 1157 coloniis
1381 1098 1850 1176 gymnasiaexsti-

253 1189 415 1242 terin't
443 1187 504 1255 d)
521 1232 535 1256 ,
573 1206 634 1242 ae
655 1205 753 1259 per
777 1187 1108 1260 consequens
1133 1188 1240 1243 fine
1261 1192 1410 1243 omni
1436 1187 1605 1243 dubio
1629 1189 1735 1241 iam
1757 1202 1851 1242 an-

247 1265 406 1345 tiquo
428 1290 546 1327 aeuo
578 1291 608 1328 a
643 1272 863 1341 GraeciS,
895 1291 994 1345 per
1017 1273 1369 1346 Campaniam
1388 1271 1613 1343 -diffufis‚
1635 1290 1688 1328 et
1700 1272 1844 1328 Her·

251 1361 536 1420 culaneum
570 1379 796 1436 quoque
824 1359 1278 1432 delatisrcoloniiQ
1315 1363 1518 1437 ingenii
1553 1364 1753 1436 pariter
1784 1380 1847 1419 ac

250 1455 489 1526 corporis
511 1454 762 1508 exercitia
791 1447 994 1506 fuerint
1014 1452 1247 1509 instituta
1262 1471 1277 1526 3
1311 1453 1505 1509 multas
1530 1468 1709 1509 tamen
1733 1469 1846 1526 prae

247 1561 337 1600 me
359 1539 501 1599 ferre
522 1543 714 1600 videor
735 1544 981 1611 rationeS,
1006 1560 1174 1615 quare
1197 1539 1432 1599 fefelliffe
1452 1544 1504 1599 se
1523 1561 1615 1599 eos
1635 1558 1846 1616 putem,

247 1633 342 1706 qui
366 1630 707 1707 gymnasium
729 1629 780 1686 se
808 1627 1080 1700 inueniffe,
1112 1629 1231 1685 sunt
1254 1631 1507 1701 arbitrati,
1539 1630 1692 1704 quod
1715 1645 1846 1685 cum

249 1718 566 1790 chalcidie03
601 1734 695 1773 aut
714 1718 836 1796 ipso
848 1714 971 1771 foro
994 1717 1071 1771 ab
1091 1716 1171 1772 his
1204 1715 1490 1796 confusum
1516 1715 1685 1786 fuisse,
1703 1716 1841 1772 sum-

248 1822 336 1861 ma
365 1804 508 1860 adest
512 1803 922 1886 ‘probabilitatis
952 1798 1162 1884 species
1180 1808 1244 1873 e).
1299 1805 1387 1860 Ae
1419 1804 1486 1860 de
1515 1803 1622 1860 hoe
1650 1801 1840 1862 itidem

247 1895 391 1951 varia
423 1909 725 1952 memorare
754 1909 816 1950 ac
849 1890 1145 1964 monstrare
1163 1889 1406 1964 poffem,
1447 1895 1503 1949 in
1536 1912 1601 1949 eo
1631 1877 1838 1949 adcusa-

246 1983 419 2038 tiones
457 1982 656 2054 pariter
695 1998 756 2035 ae
795 1975 1128 2034 defensiones
1174 1979 1282 2035 sne
1337 1980 1685 2054 eloquentia·
1671 2024 1687 2054 ,
1744 1992 1838 2038 aut

247 2070 498 2126 orationis
536 2069 591 2124 vi
631 2082 794 2149 atque
831 2081 942 2122 arte
984 2065 1085 2122 effe
1116 2065 1260 2122 haud
1290 2065 1546 2142 potuisse‚
1592 2085 1840 2148 ternpore

246 2159 493 2233 inprimis
525 2156 832 2232 primorum
855 2153 1210 2227 augustorum
1232 2155 1512 2226 caesarum3
1550 2156 1639 2212 sed
1665 2158 1838 2214 libens

1695 2234 1838 2306 haee,

315 2323 378 2380 d)
425 2319 514 2368 vid.
563 2340 583 2369 1
593 2338 678 2369 vt.
730 2338 756 2367 c
769 2339 792 2368 A
804 2340 827 2368 E
839 2337 857 2367 3
867 2340 892 2369 A
902 2340 932 2369 R
944 2341 966 2368 ε
977 2341 1014 2368 M
1068 2319 1165 2369 0cor
1202 2320 1334 2386 supra
1371 2324 1459 2369 iam
1492 2326 1683 2372 excitatae
1713 2342 1833 2373 com·

256 2407 283 2438 c
295 2409 319 2437 A
330 2408 352 2437 Ρ
366 2409 390 2435 Α
404 2409 429 2436 c
442 2409 460 2436 1
472 2407 500 2435 v
510 2407 548 2435 M
593 2392 796 2453 antiquit.
849 2400 892 2434 et
928 2388 1018 2450 hzst.
1067 2391 1387 2436 mentationis.
1443 2396 1628 2440 memoir.
1666 2391 1748 2455 ficr
1794 2394 1836 2440 la

251 2458 413 2523 Neapol.
441 2468 528 2520 cap
547 2458 658 2502 ΧΙΧ.
691 2472 734 2519 p.
766 2469 870 2515 150.
1059 2458 1162 2502 ville
1175 2456 1444 2520 sputerraine
1454 2474 1510 2506 au
1522 2458 1664 2526 pied
1644 2460 1834 2509 dumont

319 2526 358 2586 c)
384 2523 455 2572 id
445 2523 656 2589 inprimis
673 2520 934 2574 obseruauit
945 2539 1019 2572 au
1067 2521 1244 2588 Vofime,
1275 2540 1320 2590 p
1351 2538 1422 2588 15.

599 2613 622 2623 r:
