2404 3100
554 128 748 174 XLvm
1082 124 1157 190 Q
1302 126 1396 190 Q
1543 126 1618 194 Q

549 237 783 294 randum
815 237 871 292 in
903 235 1135 293 modum
1165 235 1565 296 descenderent.
1602 241 1821 316 „Atque
1840 236 1917 296 ex‘
1929 239 2012 296 his
2040 239 2155 301 satis

546 314 818 396 superque
850 338 1024 396 patet,
1054 322 1470 381 Herculaneum
1496 315 1744 383 no'strum
1777 325 2156 402 optimislitte-

550 430 734 469 rarum
765 412 1018 497 praefidiis
1048 412 1372 470 instruclum
1409 410 1580 470 fuisse.

702 552 960 592 POSSEM
993 534 1150 610 plura
1177 535 1479 599 litterarum
1507 535 1728 611 vestigia
1761 536 2026 610 indicare3
2064 536 2153 594 sed

548 622 810 681 sufficiant
841 617 982 696 haee,
1027 644 1150 700 quae
1193 641 1302 682 tam
1346 628 1403 681 in
1440 627 1609 682 ruinis
1646 626 1952 682 calamitosae
1990 626 2153 684 huius

549 714 730 788 vrbis3
772 733 940 789 quam
969 716 1082 771 eius
1113 715 1358 771 confiniis
1392 716 1680 772 monstrata
1710 734 1739 770 a
1769 733 1858 771 me
1887 716 2023 788 sunt,
2045 734 2152 772 ma-

547 801 734 861 nifesta
760 804 1050 879 Campanae
1084 803 1342 861 doetrinae
1377 805 1603 862 indicia.¹
1677 801 2017 861 Fateb'untur
2041 823 2149 862 me·

550 913 679 952 cum
711 912 927 964 omneS,
981 896 1037 948 in
1071 892 1152 950 his
1183 897 1426 950 cauernis
1457 894 1574 950 satis
1604 893 1906 950 luculenter
1934 911 2150 968 compa-

546 1001 666 1039 rere
699 981 938 1058 effigiem
969 996 1220 1039 veterum
1252 985 1366 1039 eius
1405 985 1632 1040 ciuitatis
1673 1002 1733 1040 ac
1769 986 1930 1040 totius
1973 983 2145 1059 regio-

545 1073 626 1126 nis
654 1070 929 1127 musarum
949 1115 964 1142 ,
1017 1090 1044 1128 a
1073 1070 1275 1146 quibus
1303 1089 1610 1128 nemortam
1643 1072 1856 1130 auersus
1887 1074 2012 1144 erit,
2047 1072 2144 1145 qui

546 1177 657 1216 non
691 1177 776 1216 eas
805 1178 993 1216 omnes
1025 1178 1094 1216 ex
1117 1161 1432 1234 pumicibus
1451 1175 1512 1218 ac
1536 1161 1764 1236 puluere
1785 1161 2007 1218 Vesuuii
2030 1156 2144 1215 feli-

548 1251 680 1305 citer
711 1249 903 1306 educi:
951 1252 1045 1324 qui
1078 1267 1190 1305 non
1225 1249 1466 1306 mandari
1498 1253 1844 1307 monimentis
1877 1264 2143 1305 aeternum

546 1338 756 1393 illarum
787 1339 1149 1412 praeconium,
1181 1333 1336 1392 facile
1366 1354 1628 1413 cuperet:
1673 1340 1772 1413 qui
1800 1356 1912 1395 non
1942 1355 2011 1393 ex
2042 1334 2139 1390 illis

542 1425 712 1482 multa
742 1420 1076 1482 incrementa
1104 1423 1406 1482 litterarum
1434 1441 1645 1501 optaret
1672 1425 1886 1496 studiis,
1928 1422 2142 1480 multas-

540 1533 650 1588 que
687 1513 1051 1570 subsidierum‘
1082 1513 1430 1585 accessione8‚
1479 1527 1612 1588 quas
1643 1509 1756 1570 non
1781 1512 1928 1570 leues
1961 1511 2140 1569 adhuc

539 1600 718 1670 fuisse,
750 1616 803 1656 et
833 1603 889 1663 in
919 1601 1197 1674 posterum
1227 1597 1438 1656 futuras
1465 1600 1583 1673 effe,
1612 1616 1761 1657 certo
1797 1600 2008 1656 scimus,
2079 1600 2141 1654 In

537 1689 648 1745 dies
673 1690 817 1744 enim
845 1685 959 1744 fere
970 1732 985 1760 ,
1028 1704 1088 1744 vt
1118 1688 1607 1769 Neapolitanorum
1636 1689 1978 1764 aliorumque
2008 1689 2141 1746 litte-

536 1797 608 1836 rae
642 1778 926 1850 testantur,
971 1777 1391 1851 praestantisfima
1429 1776 1766 1837 effodiuntur
1806 1779 2136 1853 antiquitatis

537 1867 871 1922 monimenta
911 1884 974 1922 ac
1007 1864 1236 1949 litterata
1265 1865 1395 1923 xsaxa
1440 1874 1461 1924 i
1454 1876 1525 1940 ),
1569 1875 1694 1942 quae
1735 1861 1987 1924 omnium
2017 1867 2131 1942 qui·

1173 1961 1175 1968 '
1425 1951 1429 1954 ⁴
2000 1956 2127 2012 dem

604 2052 655 2118 i)
697 2053 743 2100 id
781 2071 830 2101 ex
873 2053 1030 2101 multis
1059 2035 1304 2114 haiemim,
1352 2057 1477 2120 quit,
1521 2061 1568 2102 in
1602 2057 1695 2105 diei·
1727 2064 1877 2124 augeri
1903 2059 2125 2125 insignibus

533 2120 780 2184 praesertim
792 2122 1305 2186 Neapolitanorum,lit-
1350 2128 1649 2186 monimentis,
1705 2125 1860 2173 ibidem
1906 2133 2122 2188 inuentis,

533 2190 657 2247 teris,
674 2206 698 2235 a
727 2205 901 2236 GORIO
922 2185 1094 2251 symbol.
1114 2188 1302 2237 litterar.
1349 2189 1528 2254 ngsbum
1556 2194 1707 2240 incluti
1734 2194 2119 2255 Caroli-Borbonii²

531 2257 611 2304 vol.
643 2272 681 2303 1.
709 2273 754 2320 p.
785 2271 858 2317 39.
887 2254 948 2320 sq.
980 2253 1204 2316 exhibitis,
1228 2274 1303 2321 pa·
1348 2263 1572 2325 vtriusque
1599 2262 1751 2306 Siciliae
1775 2267 1901 2326 regis.
1967 2267 2021 2310 In
2045 2264 2117 2326 litff

536 2336 610 2369 tet.
652 2321 751 2388 Ipse
772 2323 879 2371 ibid.
905 2339 949 2388 p.
969 2336 1016 2383 7.
1033 2319 1211 2385 stimm,
1235 2327 1302 2372 in-
1350 2327 1457 2374 teris
1504 2325 1749 2377 doffisfimi
1811 2344 2113 2378 ΜΑττΗιΑε

1865 2432 1868 2439 .
1952 2415 2116 2447 AEGY·
