2404 3100
812 150 1445 201 PRAEFATIO.-

249 262 592 341 litterarum
628 260 839 330 studiis
870 263 1276 359 indulgebat,
1302 265 1581 334 fortuna.
1672 258 1838 329 Non
1860 254 2006 325 dee·

249 376 392 437 rant
426 366 706 457 partibus
741 367 888 451 suis,
931 370 1037 458 qui
1070 370 1235 439 inter
1273 369 1742 458 Neapolitanos
1775 364 2004 432 harum

247 472 559 539 musarum
591 471 766 538 sacris
801 472 1025 540 initiati
1053 471 1326 556 fuerant,
1359 490 1445 549 et,
1480 468 1790 562 quidquid
1823 484 2008 556 poteq

249 593 408 658 1·,ant
422 576 488 657 id
503 576 687 645 vnice
700 576 783 644 ad
796 577 923 644 1lla1
926 599 1036 645 um
1058 577 1516 667 praestantiam,
1521 577 1902 670 dignitatem
1917 586 2005 638 at-

248 704 371 772 que
386 682 788 774 elegantiam,
811 703 848 750 a
870 683 1128 770 puluere
1141 704 1214 752 ac
1228 685 1325 752 sor
1329 682 1515 751 dibu-s
1528 679 2010 772 vindicandam,

244 784 322 853 stl
327 808 489 853 enue
502 806 576 854 ac
593 785 1203 857 seduloieferebant.
1209 788 1652 857 Adsciscebant
1682 786 1803 854 ad
1789 803 2003 851 iucun-

245 892 312 960 di
336 891 500 960 istius
525 892 758 961 laboris
781 894 1178 980 societatem,
1205 896 1311 986 qui
1339 897 1643 987 reliquam
1669 892 1908 961 Italiam
1937 903 2003 956 et

242 997 557 1079 Etruriam
579 999 824 1092 ingenii
846 998 1019 1067 fama
1039 998 1359 1083 illustrant,
1390 1001 1565 1069 viros
1597 990 2002 1088 praestantiffi-

240 1121 419 1170 mos:
453 1102 1018 1170 communicabant
1041 1125 1187 1170 cum
1209 1102 1307 1170 his
1330 1103 1684 1186 liberaliter,
1715 1119 2001 1190 quaecuu-

238 1227 363 1296 que
391 1205 787 1273 describendi
807 1203 1065 1274 facultas
1088 1206 1228 1295 ipfis
1253 1208 1399 1277 data
1421 1206 1659 1289 fuerat,
1694 1221 1870 1273 eruta
1891 1225 2002 1296 an<

240 1311 538 1402 tiquitatis
575 1311 1007 1379 monimenta:
1065 1310 1522 1380 sciscitabantur
1557 1312 1836 1398 ipsorum
1871 1311 2000 1375 sen·

237 1416 534 1509 tentiam,
579 1413 773 1506 hique
808 1416 892 1484 ad
925 1415 1361 1511 inuestiganda
1399 1417 1666 1485 infelicis
1692 1413 2003 1482 huiusvr·

233 1521 333 1596 bis
356 1521 583 1590 rudera
607 1542 689 1588 eo
720 1521 1112 1609 promtiores
1130 1520 1546 1605 videbantur,
1579 1542 1711 1612 quo
1742 1519 2000 1587 vberio·

234 1649 373 1695 rem
408 1625 644 1694 laboris
679 1622 959 1693 frustum
981 1625 1134 1700 inde
1156 1626 1417 1714 sperare,
1445 1648 1659 1725 quoue
1681 1623 1997 1692 maiorem

236 1752 317 1802 ex
343 1731 454 1798 illis
489 1728 802 1821 gloriam
786 1751 919 1796 lure
948 1729 1374 1820 meritoque]
1335 1731 1446 1798 fibi
1475 1730 1855 1845 promittere
1877 1749 1996 1817 po-

235 1850 481 1925 terant.
524 1831 686 1950 Qo
710 1828 952 1899 facium
980 1829 1085 1916 est,
1110 1849 1182 1901 vt
1204 1829 1678 1921 praestantiffimi
1696 1831 1885 1914 fetus,
1907 1831 1991 1900 ab

232 1922 459 2014 Italiae
443 1916 726 2030 ingeniis
743 1939 1029 2005 certatim
1057 1937 1222 2028 quas1
1248 1956 1312 2006 et
1334 1961 1474 2008 non
1498 1939 1624 2007 fine
1649 1937 1992 2007 aemulatio-

233 2069 316 2115 ne
341 2043 594 2124 exclusi,
628 2040 710 2109 ad
736 2062 856 2110 nos
879 2040 1344 2130 perferrentiu,
1393 2045 1501 2134 qui
1534 2044 1732 2113 multa
1766 2041 1991 2126 nobis,

232 2173 367 2243 quae
399 2149 481 2216 de
513 2144 636 2214 hac
670 2145 933 2231 ciuitate
967 2146 1340 2238 benigniori
1376 2146 1639 2216 fortuna
1681 2147 1754 2215 in
1779 2147 1999 2215 lucem'

231 2252 457 2332 educla
482 2251 762 2332 fuerant,
793 2247 1247 2333 ostendebant,
1277 2252 1676 2340 explicabant
1699 2267 1766 2321 et
1787 2252 1989 2344 longe

230 2356 651 2450 praestantiora
671 2351 881 2422 adhuc
902 2352 1141 2442 sperare
1168 2376 1289 2423 nos
1315 2354 1639 2425 iubebant.
1655 2356 1765 2424 Ad
1789 2378 1985 2448 quem

232 2464 482 2534 censum
498 2455 970 2530 eminentiffimi
983 2458 1306 2544 cardinalis
1328 2482 1632 2534 ANGELI
1667 2482 2004 2534 MARIAE,

1103 2561 1165 2652 )<
1218 2584 1255 2655 3
1827 2589 1926 2659 (ιν
1940 2591 1988 2637 1-
